@book{lcb,
  author = {梁灿彬}, 
  title = {《微分几何入门与广义相对论》},
  publisher = {科学出版社},
  year = 2000,
  volume = 1,
}
